@article{brakerski2014efficient,
	title={Efficient fully homomorphic encryption from (standard) LWE},
	author={Brakerski, Zvika and Vaikuntanathan, Vinod},
	journal={SIAM Journal on computing},
	volume={43},
	number={2},
	pages={831--871},
	year={2014},
	publisher={SIAM}
}

@inproceedings{brakerski2011fully,
	title={Fully homomorphic encryption from ring-LWE and security for key dependent messages},
	author={Brakerski, Zvika and Vaikuntanathan, Vinod},
	booktitle={Annual cryptology conference},
	pages={505--524},
	year={2011},
	organization={Springer}
}

@article{brakerski2014leveled,
	title={(Leveled) fully homomorphic encryption without bootstrapping},
	author={Brakerski, Zvika and Gentry, Craig and Vaikuntanathan, Vinod},
	journal={ACM Transactions on Computation Theory (TOCT)},
	volume={6},
	number={3},
	pages={1--36},
	year={2014},
	publisher={ACM New York, NY, USA}
}

@inproceedings{brakerski2012fully,
	title={Fully homomorphic encryption without modulus switching from classical GapSVP},
	author={Brakerski, Zvika},
	booktitle={Annual Cryptology Conference},
	pages={868--886},
	year={2012},
	organization={Springer}
}

@article{fan2012somewhat,
	title={Somewhat practical fully homomorphic encryption},
	author={Fan, Junfeng and Vercauteren, Frederik},
	journal={Cryptology ePrint Archive},
	year={2012}
}

